@article{osuka2000,
  author          = {大須賀公一 and 桐原謙一},
  journal         = {日本ロボット学会誌},
  number          = {5},
  title           = {受動態的歩行ロボット Quartet},
  volume          = {18},
  year            = {2000}
}
@article{osuka_2010_ImplicitControl,
  author          = { 大須賀 公一 and 石黒 章夫 and 鄭 心知 and 杉本 靖博 and 大脇 大},
  journal         = { 日本ロボット学会誌 },
  number          = { 4 },
  title           = { 制御系に埋め込まれた陰的制御則が適応機能のカギを握る！？},
  volume          = { 28 },
  year            = { 2010 }
}
@ARTICLE{Kunth84literateprogramming,
    author = { Donald E. Knuth },
    title = { Literate programming } ,
    journal = { The Computer Journal },
    year = { 1984 } ,
    volume = { 27 },
    pages = { 97 - -111 }
}
